@article{AKIBA:2007:VMV,
  title     = {Visualizing multivariate volume data from turbulent combustion simulations},
  author    = {Akiba, Hiroshi and Ma, Kwan-Liu and Chen, Jacqueline H and Hawkes, Evatt R},
  journal   = {Computing in Science \& Engineering},
  volume    = {9},
  number    = {2},
  pages     = {76},
  year      = {2007},
  publisher = {IEEE Computer Society}
}

@article{ARMANDPOUR:2019:RNS,
  author  = {Armandpour, Mohammadreza and Ding, Patrick and Huang, Jianhua and Hu, Xia},
  year    = {2019},
  month   = {07},
  pages   = {3191-3198},
  title   = {Robust Negative Sampling for Network Embedding},
  volume  = {33},
  journal = {Proceedings of the AAAI Conference on Artificial Intelligence},
  doi     = {10.1609/aaai.v33i01.33013191}
}

@article{BAI:2020:TVV,
  title     = {Time-varying volume visualization: a survey},
  author    = {Bai, Zhihui and Tao, Yubo and Lin, Hai},
  journal   = {Journal of Visualization},
  pages     = {1--17},
  year      = {2020},
  publisher = {Springer}
}

@article{BENGIO:2013:RLA,
  title     = {Representation learning: A review and new perspectives},
  author    = {Bengio, Yoshua and Courville, Aaron and Vincent, Pascal},
  journal   = {IEEE Transactions on Pattern analysis and machine intelligence},
  volume    = {35},
  number    = {8},
  pages     = {1798--1828},
  year      = {2013},
  publisher = {IEEE}
}

@article{BERGER:2016:CCD,
  title     = {cite2vec: Citation-driven document exploration via word embeddings},
  author    = {Berger, Matthew and McDonough, Katherine and Seversky, Lee M},
  journal   = {IEEE Transactions on Visualization and Computer Graphics},
  volume    = {23},
  number    = {1},
  pages     = {691--700},
  year      = {2016},
  publisher = {IEEE}
}

@article{BISWAS:2013:AIF,
  title     = {An information-aware framework for exploring multivariate data sets},
  author    = {Biswas, Ayan and Dutta, Soumya and Shen, Han-Wei and Woodring, Jonathan},
  journal   = {IEEE Transactions on Visualization and Computer Graphics},
  volume    = {19},
  number    = {12},
  pages     = {2683--2692},
  year      = {2013},
  publisher = {IEEE}
}

@article{BISWAS:2016:VOT,
  title     = {Visualization of time-varying weather ensembles across multiple resolutions},
  author    = {Biswas, Ayan and Lin, Guang and Liu, Xiaotong and Shen, Han-Wei},
  journal   = {IEEE Transactions on Visualization and Computer Graphics},
  volume    = {23},
  number    = {1},
  pages     = {841--850},
  year      = {2016},
  publisher = {IEEE}
}

@inproceedings{BJERVA:2014:TMF,
  title     = {The meaning factory: Formal semantics for recognizing textual entailment and determining semantic similarity},
  author    = {Bjerva, Johannes and Bos, Johan and Van der Goot, Rob and Nissim, Malvina},
  booktitle = {Proceedings of the 8th International Workshop on Semantic Evaluation (SemEval 2014)},
  pages     = {642--646},
  year      = {2014}
}


@article{BOJANOWSKI:2017:EWV,
  title     = {Enriching word vectors with subword information},
  author    = {Bojanowski, Piotr and Grave, Edouard and Joulin, Armand and Mikolov, Tomas},
  journal   = {Transactions of the Association for Computational Linguistics},
  volume    = {5},
  pages     = {135--146},
  year      = {2017},
  publisher = {MIT Press}
}

@article{BRUCKNER:2010:ISM,
  title   = {Isosurface similarity maps},
  author  = {Bruckner, Stefan and M{\"o}ller, Torsten},
  journal = {Computer Graphics Forum},
  volume  = {29},
  number  = {3},
  pages   = {773--782},
  year    = {2010}
}

@article{BUDA:2018:ASS,
  title     = {A systematic study of the class imbalance problem in convolutional neural networks},
  author    = {Buda, Mateusz and Maki, Atsuto and Mazurowski, Maciej A},
  journal   = {Neural Networks},
  volume    = {106},
  pages     = {249--259},
  year      = {2018},
  publisher = {Elsevier}
}

@article{BURCKNER:2010:RDE,
  title     = {Result-driven exploration of simulation parameter spaces for visual effects design},
  author    = {Bruckner, Stefan and M{\"o}ller, Torsten},
  journal   = {IEEE Transactions on Visualization and Computer Graphics},
  volume    = {16},
  number    = {6},
  pages     = {1468--1476},
  year      = {2010},
  publisher = {IEEE}
}

@article{CARR:2010:FIS,
  title     = {Flexible isosurfaces: Simplifying and displaying scalar topology using the contour tree},
  author    = {Carr, Hamish and Snoeyink, Jack and van de Panne, Michiel},
  journal   = {Computational Geometry},
  volume    = {43},
  number    = {1},
  pages     = {42--58},
  year      = {2010},
  publisher = {Elsevier}
}


@article{CARR:2014:JCN,
  title     = {Joint contour nets},
  author    = {Carr, Hamish and Duke, David},
  journal   = {IEEE Transactions on Visualization and Computer Graphics},
  volume    = {20},
  number    = {8},
  pages     = {1100--1113},
  year      = {2014},
  publisher = {IEEE}
}

@article{CARR:2015:FSG,
  title   = {Fiber surfaces: Generalizing isosurfaces to bivariate data},
  author  = {Carr, Hamish and Geng, Zhao and Tierny, Julien and Chattopadhyay, Amit and Knoll, Aaron},
  journal = {Computer Graphics Forum},
  volume  = {34},
  number  = {3},
  pages   = {241--250},
  year    = {2015}
}

@inproceedings{CHIU:2016:HTT,
  title     = {How to train good word embeddings for biomedical NLP},
  author    = {Chiu, Billy and Crichton, Gamal and Korhonen, Anna and Pyysalo, Sampo},
  booktitle = {Proceedings of the 15th workshop on biomedical natural language processing},
  pages     = {166--174},
  year      = {2016}
}

@article{COLLOBERT:2011:NLP,
  title   = {Natural language processing (almost) from scratch},
  author  = {Collobert, Ronan and Weston, Jason and Bottou, L{\'e}on and Karlen, Michael and Kavukcuoglu, Koray and Kuksa, Pavel},
  journal = {Journal of machine learning research},
  volume  = {12},
  number  = {12},
  pages   = {2493--2537},
  year    = {2011}
}

@inproceedings{DUTTA:2017:PIG,
  title     = {Pointwise information guided visual analysis of time-varying multi-fields},
  author    = {Dutta, Soumya and Liu, Xiaotong and Biswas, Ayan and Shen, Han-Wei and Chen, Jen-Ping},
  booktitle = {Proceeding of SIGGRAPH Asia 2017 Symposium on Visualization},
  pages     = {17},
  year      = {2017}
}

@inproceedings{ESTER:1996:ADA,
  title     = {A density-based algorithm for discovering clusters in large spatial databases with noise},
  author    = {Ester, Martin and Kriegel, Hans-Peter and Sander, J\"{o}rg and Xu, Xiaowei},
  booktitle = {Proceedings of the Second ACM SIGKDD International Conference on Knowledge Discovery and Data Mining},
  pages     = {226--231},
  year      = {1996}
}

@article{FERSTL:2016:TCA,
  title     = {Time-hierarchical clustering and visualization of weather forecast ensembles},
  author    = {Ferstl, Florian and Kanzler, Mathias and Rautenhaus, Marc and Westermann, R{\"u}diger},
  journal   = {IEEE Transactions on Visualization and Computer Graphics},
  volume    = {23},
  number    = {1},
  pages     = {831--840},
  year      = {2016},
  publisher = {IEEE}
}

@book{FRIEDMAN:2001:TEO,
  title     = {The elements of statistical learning},
  author    = {Friedman, Jerome and Hastie, Trevor and Tibshirani, Robert},
  volume    = {1},
  number    = {10},
  year      = {2001},
  publisher = {Springer series in statistics New York}
}

@article{FUCHS:2009:VOM,
  title   = {Visualization of multi-variate scientific data},
  author  = {Fuchs, Raphael and Hauser, Helwig},
  journal = {Computer Graphics Forum},
  volume  = {28},
  number  = {6},
  pages   = {1670--1690},
  year    = {2009}
}


@inproceedings{GAO:2018:SNE,
  title     = {Self-paced network embedding},
  author    = {Gao, Hongchang and Huang, Heng},
  booktitle = {Proceedings of the 24th ACM SIGKDD International Conference on Knowledge Discovery \& Data Mining},
  pages     = {1406--1415},
  year      = {2018}
}


@inproceedings{GROVER:2016:NSF,
  title     = {node2vec: Scalable feature learning for networks},
  author    = {Grover, Aditya and Leskovec, Jure},
  booktitle = {Proceedings of the 22nd ACM SIGKDD international conference on Knowledge discovery and data mining},
  pages     = {855--864},
  year      = {2016}
}

@inproceedings{GUO:2011:MTF,
  author    = {Guo, Hanqi and Xiao, He and Yuan, Xiaoru},
  booktitle = {Proceedings of IEEE Pacific Visualization Symposium (PacificVis) 2011},
  title     = {Multi-dimensional transfer function design based on flexible dimension projection embedded in parallel coordinates},
  year      = {2011},
  pages     = {19--26}
}

@article{GUO:2012:SMV,
  title     = {Scalable multivariate volume visualization and analysis based on dimension projection and parallel coordinates},
  author    = {Guo, Hanqi and Xiao, He and Yuan, Xiaoru},
  journal   = {IEEE Transactions on Visualization and Computer Graphics},
  volume    = {18},
  number    = {9},
  pages     = {1397--1410},
  year      = {2012},
  publisher = {IEEE}
}

@article{HAIDACHER:2011:VAU,
  title     = {Volume analysis using multimodal surface similarity},
  author    = {Haidacher, Martin and Bruckner, Stefan and Gr{\"o}ller, Eduard},
  journal   = {IEEE Transactions on Visualization and Computer Graphics},
  volume    = {17},
  number    = {12},
  pages     = {1969--1978},
  year      = {2011},
  publisher = {IEEE}
}

@article{HAN:2018:FAD,
  title     = {FlowNet: A Deep Learning Framework for Clustering and Selection of Streamlines and Stream Surfaces},
  author    = {Han, Jun and Tao, Jun and Wang, Chaoli},
  journal   = {IEEE Transactions on Visualization and Computer Graphics},
  year      = {2018},
  publisher = {IEEE}
}

@article{HAN:2020:TTS,
  author  = {Han, Jun and Wang, Chaoli},
  journal = {IEEE Transactions on Visualization and Computer Graphics},
  title   = {TSR-TVD: Temporal Super-Resolution for Time-Varying Data Analysis and Visualization},
  year    = {2020},
  volume  = {26},
  number  = {1},
  pages   = {205-215}
}

@article{HAN:2020:V2V,
  title     = {V2V: A deep learning approach to variable-to-variable selection and translation for multivariate time-varying data},
  author    = {Han, Jun and Zheng, Hao and Xing, Yunhao and Chen, Danny Z and Wang, Chaoli},
  journal   = {IEEE Transactions on Visualization and Computer Graphics},
  volume    = {27},
  number    = {2},
  pages     = {1290--1300},
  year      = {2020},
  publisher = {IEEE}
}


@inproceedings{HE:2017:RLT,
  title     = {Range likelihood tree: A compact and effective representation for visual exploration of uncertain data sets},
  author    = {He, Wenbin and Liu, Xiaotong and Shen, Han-Wei and Collis, Scott M and Helmus, Jonathan J},
  booktitle = {Proceedings of IEEE Pacific Visualization Symposium (PacificVis) 2017},
  pages     = {151--160},
  year      = {2017}
}

@article{HE:2018:ACF,
  title     = {A co-analysis framework for exploring multivariate scientific data},
  author    = {He, Xiangyang and Tao, Yubo and Wang, Qirui and Lin, Hai},
  journal   = {Visual Informatics},
  volume    = {2},
  number    = {4},
  pages     = {254--263},
  year      = {2018},
  publisher = {Elsevier}
}

@inproceedings{HE:2018:BBV,
  title     = {Biclusters Based Visual Exploration of Multivariate Scientific Data},
  author    = {He, Xiangyang and Tao, Yubo and Wang, Qirui and Lin, Hai},
  booktitle = {Proceedings of IEEE Scientific Visualization Conference (SciVis) 2018},
  pages     = {40--45},
  year      = {2018}
}

@article{HE:2019:MSD,
  author  = {He, Xiangyang and Tao, Yubo and Wang, Qirui and Lin, Hai},
  title   = {Multivariate spatial data visualization: a survey},
  journal = {Journal of Visualization},
  year    = {2019},
  volume  = {22},
  number  = {5},
  pages   = {897--912},
  issn    = {1875-8975}
}

@article{HE:2020:IDI,
  title     = {InSituNet: Deep Image Synthesis for Parameter Space Exploration of Ensemble Simulations},
  author    = {He, Wenbin and Wang, Junpeng and Guo, Hanqi and Wang, Ko-Chih and Shen, Han-Wei and Raj, Mukund and Nashed, Youssef and Peterka, Thomas},
  volume    = {26},
  number    = {1},
  journal   = {IEEE Transactions on Visualization and Computer Graphics},
  year      = {2020},
  publisher = {IEEE}
}

@article{HEIMERL:2018:IAO,
  title     = {Interactive analysis of word vector embeddings},
  author    = {Heimerl, Florian and Gleicher, Michael},
  booktitle = {Computer Graphics Forum},
  volume    = {37},
  number    = {3},
  pages     = {253--265},
  year      = {2018}
}

@inproceedings{HINTON:1986:LDR,
  title     = {Learning distributed representations of concepts},
  author    = {Hinton, Geoffrey E},
  booktitle = {Proceedings of the eighth annual conference of the cognitive science society},
  volume    = {1},
  pages     = {12},
  year      = {1986}
}

@inproceedings{IMRE:2017:EGC,
  title     = {Efficient GPU-accelerated computation of isosurface similarity maps},
  author    = {Imre, Martin and Tao, Jun and Wang, Chaoli},
  booktitle = {Proceedings of IEEE Pacific Visualization Symposium (PacificVis) 2017},
  pages     = {180--184},
  year      = {2017}
}

@article{Inselberg:1985:TPW,
  title     = {The plane with parallel coordinates},
  author    = {Inselberg, Alfred},
  journal   = {The Visual Computer},
  volume    = {1},
  number    = {2},
  pages     = {69--91},
  year      = {1985},
  publisher = {Springer}
}

@article{IP:2012:HEO,
  title     = {Hierarchical exploration of volumes using multilevel segmentation of the intensity-gradient histograms},
  author    = {Ip, Cheuk Yiu and Varshney, Amitabh and JaJa, Joseph},
  journal   = {IEEE Transactions on Visualization and Computer Graphics},
  volume    = {18},
  number    = {12},
  pages     = {2355--2363},
  year      = {2012},
  publisher = {IEEE}
}

@article{JOURNAL:2008:VDU,
  title   = {Visualizing data using t-SNE},
  author  = {Maaten, Laurens van der and Hinton, Geoffrey},
  journal = {Journal of machine learning research},
  volume  = {9},
  number  = {Nov},
  pages   = {2579--2605},
  year    = {2008}
}

@article{KEHRER:2012:VAV,
  title     = {Visualization and visual analysis of multifaceted scientific data: A survey},
  author    = {Kehrer, Johannes and Hauser, Helwig},
  journal   = {IEEE Transactions on Visualization and Computer Graphics},
  volume    = {19},
  number    = {3},
  pages     = {495--513},
  year      = {2012},
  publisher = {IEEE}
}

@inproceedings{KUMAR:2010:SLF,
  title     = {Self-paced learning for latent variable models},
  author    = {Kumar, M Pawan and Packer, Benjamin and Koller, Daphne},
  booktitle = {Proceedings of Advances in Neural Information Processing Systems},
  pages     = {1189--1197},
  year      = {2010}
}

@inproceedings{LAI:2015:RCN,
  title     = {Recurrent convolutional neural networks for text classification},
  author    = {Lai, Siwei and Xu, Liheng and Liu, Kang and Zhao, Jun},
  booktitle = {Proceedings of the Twenty-ninth AAAI conference on artificial intelligence},
  year      = {2015}
}

@article{LEISTIKOW:2019:AEV,
  title     = {Aggregated Ensemble Views for Deep Water Asteroid Impact Simulations},
  author    = {Leistikow, Simon and Huesmann, Karim and Fofonov, Alexey and Linsen, Lars},
  journal   = {IEEE Computer Graphics and Applications},
  volume    = {40},
  number    = {1},
  pages     = {72--81},
  year      = {2019},
  publisher = {IEEE}
}

@article{LI:2018:EAV,
  title   = {EmbeddingVis: A Visual Analytics Approach to Comparative Network Embedding Inspection},
  author  = {Li, Quan and Njotoprawiro, Kristanto Sean and Haleem, Hammad and Chen, Qiaoan and Yi, Chris and Ma, Xiaojuan},
  journal = {arXiv preprint arXiv:1808.09074},
  year    = {2018}
}

@article{LIU:2015:AAF,
  title     = {Association analysis for visual exploration of multivariate scientific data sets},
  author    = {Liu, Xiaotong and Shen, Han-Wei},
  journal   = {IEEE Transactions on Visualization and Computer Graphics},
  volume    = {22},
  number    = {1},
  pages     = {955--964},
  year      = {2015},
  publisher = {IEEE}
}

@article{LJUNG:2016:SOT,
  title   = {State of the art in transfer functions for direct volume rendering},
  author  = {Ljung, Patric and Kr{\"u}ger, Jens and Gr{\"o}ller, Eduard and Hadwiger, Markus and Hansen, Charles D and Ynnerman, Anders},
  journal = {Computer Graphics Forum},
  volume  = {35},
  number  = {3},
  pages   = {669--691},
  year    = {2016}
}

@inproceedings{LU:2017:MVD,
  title     = {Multivariate volumetric data analysis and visualization through bottom-up subspace exploration},
  author    = {Lu, Kewei and Shen, Han-Wei},
  booktitle = {Proceedings of IEEE Pacific Visualization Symposium (PacificVis) 2017},
  pages     = {141--150},
  year      = {2017}
}

@article{LUKASCZYK:2017:NTG,
  title   = {Nested tracking graphs},
  author  = {Lukasczyk, Jonas and Weber, Gunther and Maciejewski, Ross and Garth, Christoph and Leitte, Heike},
  journal = {Computer Graphics Forum},
  volume  = {36},
  number  = {3},
  pages   = {12--22},
  year    = {2017}
}


@article{LUKASCZYK:2019:DNT,
  title     = {Dynamic Nested Tracking Graphs},
  author    = {Lukasczyk, Jonas and Garth, Christoph and Weber, Gunther H and Biedert, Tim and Maciejewski, Ross and Leitte, Heike},
  journal   = {IEEE Transactions on Visualization and Computer Graphics},
  volume    = {26},
  number    = {1},
  pages     = {249--258},
  year      = {2019},
  publisher = {IEEE}
}

@inproceedings{LUO:2014:PMW,
  title     = {Pre-trained multi-view word embedding using two-side neural network},
  author    = {Luo, Yong and Tang, Jian and Yan, Jun and Xu, Chao and Chen, Zheng},
  booktitle = {Proceedings of the Twenty-eighth AAAI conference on artificial intelligence},
  year      = {2014}
}

@article{MA:2018:AIF,
  title     = {An interactive framework for visualization of weather forecast ensembles},
  author    = {Ma, Bo and Entezari, Alireza},
  journal   = {IEEE Transactions on Visualization and Computer Graphics},
  volume    = {25},
  number    = {1},
  pages     = {1091--1101},
  year      = {2018},
  publisher = {IEEE}
}

@article{MACIEJEWSKI:2009:SFS,
  title     = {Structuring feature space: A non-parametric method for volumetric transfer function generation},
  author    = {Maciejewski, Ross and Woo, Insoo and Chen, Wei and Ebert, David},
  journal   = {IEEE Transactions on Visualization and Computer Graphics},
  volume    = {15},
  number    = {6},
  pages     = {1473--1480},
  year      = {2009},
  publisher = {IEEE}
}

@inproceedings{MIKOLOV:2013:DRO,
  title     = {Distributed representations of words and phrases and their compositionality},
  author    = {Mikolov, Tomas and Sutskever, Ilya and Chen, Kai and Corrado, Greg S and Dean, Jeff},
  booktitle = {Proceedings of Advances in neural information processing systems},
  pages     = {3111--3119},
  year      = {2013}
}

@article{MIKOLOV:2013:EEO,
  title   = {Efficient estimation of word representations in vector space},
  author  = {Mikolov, Tomas and Chen, Kai and Corrado, Greg and Dean, Jeffrey},
  journal = {arXiv preprint arXiv:1301.3781},
  year    = {2013}
}

@article{NAGARAJ:2011:AGC,
  title   = {A gradient-based comparison measure for visual analysis of multifield data},
  author  = {Nagaraj, Suthambhara and Natarajan, Vijay and Nanjundiah, Ravi S},
  journal = {Computer Graphics Forum},
  volume  = {30},
  number  = {3},
  pages   = {1101--1110},
  year    = {2011}
}

@article{NAGARAJ:2011:RIE,
  title     = {Relation-aware isosurface extraction in multifield data},
  author    = {Nagaraj, Suthambhara and Natarajan, Vijay},
  journal   = {IEEE Transactions on Visualization and Computer Graphics},
  volume    = {17},
  number    = {2},
  pages     = {182--191},
  year      = {2010},
  publisher = {IEEE}
}

@article{OBERMAIER:2015:VTA,
  title     = {Visual trends analysis in time-varying ensembles},
  author    = {Obermaier, Harald and Bensema, Kevin and Joy, Kenneth I},
  journal   = {IEEE Transactions on Visualization and Computer Graphics},
  volume    = {22},
  number    = {10},
  pages     = {2331--2342},
  year      = {2015},
  publisher = {IEEE}
}

@article{PAR:2004:SCF,
  title     = {Subspace clustering for high dimensional data: a review},
  author    = {Parsons, Lance and Haque, Ehtesham and Liu, Huan},
  journal   = {Acm Sigkdd Explorations Newsletter},
  volume    = {6},
  number    = {1},
  pages     = {90--105},
  year      = {2004},
  publisher = {ACM}
}

@article{PARK:2017:CTV,
  title     = {ConceptVector: text visual analytics via interactive lexicon building using word embedding},
  author    = {Park, Deokgun and Kim, Seungyeon and Lee, Jurim and Choo, Jaegul and Diakopoulos, Nicholas and Elmqvist, Niklas},
  journal   = {IEEE Transactions on Visualization and Computer Graphics},
  volume    = {24},
  number    = {1},
  pages     = {361--370},
  year      = {2017},
  publisher = {IEEE}
}

@inproceedings{PASZKE:2017:ADI,
  title     = {Automatic Differentiation in {PyTorch}},
  author    = {Paszke, Adam and Gross, Sam and Chintala, Soumith and Chanan, Gregory and Yang, Edward and DeVito, Zachary and Lin, Zeming and Desmaison, Alban and Antiga, Luca and Lerer, Adam},
  booktitle = {Proceedings of NIPS Autodiff Workshop},
  year      = {2017}
}

@article{PATCHETT:2018:OST,
  title     = {Optimizing scientist time through in situ visualization and analysis},
  author    = {Patchett, John and Ahrens, James},
  journal   = {IEEE computer graphics and applications},
  volume    = {38},
  number    = {1},
  pages     = {119--127},
  year      = {2018},
  publisher = {IEEE}
}

@inproceedings{PEROZZI:2014:DOL,
  title     = {Deepwalk: Online learning of social representations},
  author    = {Perozzi, Bryan and Al-Rfou, Rami and Skiena, Steven},
  booktitle = {Proceedings of the 20th ACM SIGKDD international conference on Knowledge discovery and data mining},
  pages     = {701--710},
  year      = {2014}
}

@inproceedings{PORTER:2019:ADL,
  title     = {A Deep Learning Approach to Selecting Representative Time Steps for Time-Varying Multivariate Data},
  author    = {Porter, William P and Xing, Yunhao and von Ohlen, Blaise R and Han, Jun and Wang, Chaoli},
  booktitle = {Proceedings of IEEE Scientific Visualization Conference (SciVis) 2019},
  pages     = {40--45},
  year      = {2019}
}

@inproceedings{RIBEIRO:2017:SLN,
  title     = {struc2vec: Learning node representations from structural identity},
  author    = {Ribeiro, Leonardo FR and Saverese, Pedro HP and Figueiredo, Daniel R},
  booktitle = {Proceedings of the 23rd ACM SIGKDD International Conference on Knowledge Discovery and Data Mining},
  pages     = {385--394},
  year      = {2017}
}

@inproceedings{ROETTGER:2005:STF,
  title     = {Spatialized transfer functions.},
  author    = {Roettger, Stefan and Bauer, Michael and Stamminger, Marc},
  booktitle = {Proceedings of EUROGRAPHICS - IEEE VGTC Symposium on Visualization},
  pages     = {271--278},
  year      = {2005}
}

@article{SALTON:1975:AVS,
  title     = {A vector space model for automatic indexing},
  author    = {Salton, Gerard and Wong, Anita and Yang, Chung-Shu},
  journal   = {Communications of the ACM},
  volume    = {18},
  number    = {11},
  pages     = {613--620},
  year      = {1975},
  publisher = {ACM}
}



@article{SAUBER:2006:MAA,
  title     = {Multifield-graphs: An approach to visualizing correlations in multifield scalar data},
  author    = {Sauber, Natascha and Theisel, Holger and Seidel, Hans-Peter},
  journal   = {IEEE Transactions on Visualization and Computer Graphics},
  volume    = {12},
  number    = {5},
  pages     = {917--924},
  year      = {2006},
  publisher = {IEEE}
}


@article{SCHNEIDER:2008:ICO,
  title   = {Interactive Comparison of Scalar Fields Based on Largest Contours with Applications to Flow Visualization},
  author  = { Schneider, D.  and  Wiebel, A.  and  Carr, H.  and  Hlawitschka, M.  and  Scheuermann, G. },
  journal = {IEEE Transactions on Visualization and Computer Graphics},
  volume  = {14},
  number  = {6},
  pages   = {1475-1482},
  year    = {2008}
}

@article{SCHNEIDER:2013:ICO,
  title   = {Interactive comparison of multifield scalar data based on largest contours},
  author  = { Schneider, Dominic  and  Heine, Christian  and  Carr, Hamish  and  Scheuermann, Gerik },
  journal = {Computer Aided Geometric Design},
  volume  = {30},
  number  = {6},
  pages   = {521-528},
  year    = {2013}
}


@inproceedings{SOCHER:2012:SCT,
  title     = {Semantic compositionality through recursive matrix-vector spaces},
  author    = {Socher, Richard and Huval, Brody and Manning, Christopher D and Ng, Andrew Y},
  booktitle = {Proceedings of the 2012 joint conference on empirical methods in natural language processing and computational natural language learning},
  pages     = {1201--1211},
  year      = {2012}
}

@inproceedings{SUKHAREV:2009:CSO,
  title     = {Correlation study of time-varying multivariate climate data sets},
  author    = {Sukharev, Jeffrey  and  Wang, Chaoli  and  Ma, Kwan Liu  and  Wittenberg, Andrew T. },
  booktitle = {Proceedings of IEEE Pacific Visualization Symposium (PacificVis) 2009},
  year      = {2009},
  pages     = {161--168}
}

@article{TAO:2018:ETM,
  title     = {Exploring Time-Varying Multivariate Volume Data Using Matrix of Isosurface Similarity Maps},
  author    = {Tao, Jun and Imre, Martin and Wang, Chaoli and Chawla, Nitesh V and Guo, Hanqi and Sever, G{\"o}khan and Kim, Seung Hyun},
  journal   = {IEEE Transactions on Visualization and Computer Graphics},
  volume    = {25},
  number    = {1},
  pages     = {1236--1245},
  year      = {2018},
  publisher = {IEEE}
}

@article{TKACHEV:2019:LPM,
  title     = {Local prediction models for spatiotemporal volume visualization},
  author    = {Tkachev, Gleb and Frey, Steffen and Ertl, Thomas},
  journal   = {IEEE Transactions on Visualization and Computer Graphics},
  year      = {2019},
  year      = {2021},
  volume    = {27},
  number    = {7},
  pages     = {3091--3108},
  publisher = {IEEE}
}

@article{TORGERSON:1952:MSI,
  title     = {Multidimensional scaling: I. Theory and method},
  author    = {Torgerson, Warren S},
  journal   = {Psychometrika},
  volume    = {17},
  number    = {4},
  pages     = {401--419},
  year      = {1952},
  publisher = {Springer}
}

@inproceedings{WANG:2013:SPF,
  title     = {Scalable parallel feature extraction and tracking for large time-varying 3D volume data},
  author    = { Wang, Yang  and  Yu, Hongfeng  and  Ma, Kwan Liu },
  booktitle = {Eurographics Symposium on Parallel Graphics \& Visualization},
  pages     = {17--24},
  year      = {2013}
}


@article{WANG:2015:MPM,
  title     = {Multi-field pattern matching based on sparse feature sampling},
  author    = {Wang, Zhongjie and Seidel, Hans-Peter and Weinkauf, Tino},
  journal   = {IEEE Transactions on Visualization and Computer Graphics},
  volume    = {22},
  number    = {1},
  pages     = {807--816},
  year      = {2015},
  publisher = {IEEE}
}

@article{WANG:2016:MCE,
  title     = {Multi-resolution climate ensemble parameter analysis with nested parallel coordinates plots},
  author    = {Wang, Junpeng and Liu, Xiaotong and Shen, Han-Wei and Lin, Guang},
  journal   = {IEEE Transactions on Visualization and Computer Graphics},
  volume    = {23},
  number    = {1},
  pages     = {81--90},
  year      = {2016},
  publisher = {IEEE}
}

@article{Wang:2019:VAV,
  title     = {Visualization and visual analysis of ensemble data: A survey},
  author    = {Wang, Junpeng and Hazarika, Subhashis and Li, Cheng and Shen, Han-Wei},
  journal   = {IEEE Transactions on Visualization and Computer Graphics},
  volume    = {25},
  number    = {9},
  pages     = {2853--2872},
  year      = {2019},
  publisher = {IEEE}
}

@article{WANG:2020:DOR,
  author  = {Wang, Yifan and Zhong, Zichun and Hua, Jing},
  journal = {IEEE Transactions on Visualization and Computer Graphics},
  title   = {{DeepOrganNet: On-the-Fly Reconstruction and Visualization of 3D/4D Lung Models from Single-View Projections by Deep Deformation Network}},
  year    = {2020},
  volume  = {26},
  number  = {1},
  pages   = {960--970}
}



@article{WOLD:1987:PCA,
  title     = {Principal component analysis},
  author    = {Wold, Svante and Esbensen, Kim and Geladi, Paul},
  journal   = {Chemometrics and intelligent laboratory systems},
  volume    = {2},
  number    = {1-3},
  pages     = {37--52},
  year      = {1987},
  publisher = {Elsevier}
}

@article{WU:2015:WAF,
  title   = {Easyxplorer: A flexible visual exploration approach for multivariate spatial data},
  author  = {Wu, Feiran and Chen, Guoning and Huang, Jin and Tao, Yubo and Chen, Wei},
  journal = {Computer Graphics Forum},
  volume  = {34},
  number  = {7},
  pages   = {163--172},
  year    = {2015}
}

@inproceedings{XU:2009:ADA,
  title     = {A distribution-based approach to tracking points in velocity vector fields},
  author    = {Xu, Liefei and Dinh, H Quynh and Zhang, Eugene and Lin, Zhongzang and Laramee, Robert S},
  booktitle = {Proceedings of IEEE Conference on Computer Vision and Pattern Recognition},
  pages     = {2663--2670},
  year      = {2009}
}

@article{XU:2018:EEO,
  title     = {Exploring Evolution of Dynamic Networks via Diachronic Node Embeddings},
  author    = {Xu, Jin and Tao, Yubo and Yan, Yuyu and Lin, Hai},
  journal   = {IEEE Transactions on Visualization and Computer Graphics},
  volume    = {26},
  number    = {7},
  pages     = {2387--2402},
  year      = {2020},
  publisher = {IEEE}
}

@inproceedings{ZHANG:2014:BPE,
  title     = {Bilingually-constrained phrase embeddings for machine translation},
  author    = {Zhang, Jiajun and Liu, Shujie and Li, Mu and Zhou, Ming and Zong, Chengqing},
  booktitle = {Proceedings of the 52nd Annual Meeting of the Association for Computational Linguistics (Volume 1: Long Papers)},
  volume    = {1},
  pages     = {111--121},
  year      = {2014}
}

@inproceedings{ZHAO:2010:MRA,
  title     = {Multi-dimensional reduction and transfer function design using parallel coordinates},
  author    = {Zhao, Xin and Kaufman, Arie},
  booktitle = {Proceedings of International Symposium on Volume Graphics},
  pages     = {69-76},
  year      = {2010}
}


@article{ZHOU:2012:TFC,
  title     = {Transfer function combinations},
  author    = {Zhou, Liang and Schott, Mathias and Hansen, Charles},
  journal   = {Computers \& Graphics},
  volume    = {36},
  number    = {6},
  pages     = {596--606},
  year      = {2012},
  publisher = {Elsevier}
}

@article{Zhou:2014:GSS,
  title   = {GuideME: Slice-guided Semiautomatic Multivariate Exploration of Volumes},
  author  = {Zhou, Liang and Hansen, Charles},
  journal = {Computer Graphics Forum},
  volume  = {33},
  number  = {3},
  pages   = {151--160},
  year    = {2014}
}

@article{ZHOU:2018:KTS,
  title   = {Key Time Steps Selection for Large-Scale Time-Varying Volume Datasets Using an Information-Theoretic Storyboard},
  author  = {Zhou, Bo and Chiang, Yi-Jen},
  journal = {Computer Graphics Forum},
  volume  = {37},
  number  = {3},
  pages   = {37-49},
  year    = {2018}
}

@article{ZHOU:2018:VAO,
  title     = {Visual abstraction of large scale geospatial origin-destination movement data},
  author    = {Zhou, Zhiguang and Meng, Linhao and Tang, Cheng and Zhao, Ying and Guo, Zhiyong and Hu, Miaoxin and Chen, Wei},
  journal   = {IEEE Transactions on Visualization and Computer Graphics},
  volume    = {25},
  number    = {1},
  pages     = {43--53},
  year      = {2018},
  publisher = {IEEE}
}

@inproceedings{ZIRIKLY:2015:NER,
  title     = {Named entity recognition for arabic social media},
  author    = {Zirikly, Ayah and Diab, Mona},
  booktitle = {Proceedings of the 1st Workshop on Vector Space Modeling for Natural Language Processing},
  pages     = {176--185},
  year      = {2015}
}